%  a sample bibliography file
%  

@article{hltcoe2013semeval,
  title={SemEval-2013 Task 2: Sentiment Analysis in Twitter},
  author={HLTCOE, JHU},
  journal={Atlanta, Georgia, USA},
  volume={312},
  year={2013},
  publisher={Citeseer}
}

@InProceedings{nakov-EtAl:2016:SemEval1,
  author    = {Nakov, Preslav  and  Ritter, Alan  and  Rosenthal, Sara  and  Sebastiani, Fabrizio  and  Stoyanov, Veselin},
  title     = {SemEval-2016 Task 4: Sentiment Analysis in Twitter},
  booktitle = {Proceedings of the 10th International Workshop on Semantic Evaluation (SemEval-2016)},
  month     = {June},
  year      = {2016},
  address   = {San Diego, California},
  publisher = {Association for Computational Linguistics},
  pages     = {1--18},
  url       = {http://www.aclweb.org/anthology/S16-1001}
}

@article{zhang2015sensitivity,
  title={A Sensitivity Analysis of (and Practitioners' Guide to) Convolutional Neural Networks for Sentence Classification},
  author={Zhang, Ye and Wallace, Byron},
  journal={arXiv preprint arXiv:1510.03820},
  year={2015}
}


%  The authors mentioned here are almost, but not quite,
%  entirely unrelated to Matt Groening.

